@article{Einstein:1905,
    author = "Einstein, Albert",
    title = "{On the electrodynamics of moving bodies}",
    doi = "10.1002/andp.200590006",
    journal = "Ann. Phys.",
    volume = "17",
    pages = "891--921",
    year = "1905"
}
